2500 4509
735 380 740 383 -
769 357 1271 405 ruminarem}
1318 360 1493 405 vrn-
1928 344 2013 411 83

273 500 394 565 mul
399 512 459 565 ta
477 522 819 587 perpessus,
833 503 1094 588 plusque
1107 516 1281 589 parte
1302 506 1489 569 tertia
1506 504 1781 569 militum
1800 507 2015 570 morbo

273 624 332 677 et
355 614 690 679 desertione
723 616 970 692 attrita,
991 616 1277 683 tribunus
1306 616 1645 681 Amoldius
1672 616 1761 680 ad
1802 630 2011 702 partes

271 726 534 791 Canadoe
560 728 898 804 habitataS,
924 748 1038 791 sex
1059 727 1595 793 hebdomadarum
1618 730 1839 793 itinere
1861 750 2013 794 con-

262 840 434 919 fecto,
459 840 716 903 tandem
739 841 1044 924 pervenit.
1128 841 1409 906 Canadae
1428 842 1645 905 incolae
1664 843 2013 907 exercitum

261 972 342 1015 ex
365 964 562 1017 vastoe
593 955 836 1036 gremio
863 954 1216 1020 solitudinis
1247 976 1567 1037 emergere
1592 955 2013 1040 valdestupe-

260 1062 444 1144 bant3
499 1065 728 1129 eadem
772 1087 920 1130 cum
964 1067 1383 1151 humanitate,
1428 1071 1559 1152 qua
1602 1068 2011 1133 Americanos

251 1176 518 1261 reliquos
551 1189 991 1258 tractaverant,
1025 1179 1307 1244 advenas
1334 1180 1621 1265 excipere
1650 1178 2009 1256 instituunt,

253 1289 694 1375 famelicusque
714 1292 944 1355 milites
965 1292 1252 1357 omnibus
1274 1293 1459 1355 rebus
1481 1292 1843 1359 necessariis
1864 1312 2011 1376 sup-

252 1401 634 1485 peditabant.
1862 1480 1865 1485 Ι

377 1515 722 1585 Arnoldius
791 1516 1283 1581 declarationem
1354 1536 1469 1579 seu
1542 1516 2011 1600 expositionem,

251 1624 722 1709 Washingtonii
747 1607 1024 1703 nomine,
1053 1627 1248 1689 edidit
1272 1648 1293 1703 ;
1336 1626 1575 1711 incolas
1602 1625 2017 1689 Canadenses

249 1758 391 1801 sese
438 1737 696 1801 coloniis
738 1736 1060 1799 foederatis
1087 1747 1163 1799 ut
1193 1737 1527 1813 asciscant,
1556 1738 1905 1818 martiaque
1940 1738 2023 1799 ob

246 1848 611 1912 libertatem
630 1846 1078 1912 Americanam
1107 1846 1453 1933 pugnando
1477 1847 1743 1911 vulnera
1770 1848 2023 1931 patian-

249 1971 374 2039 tur,
402 1960 815 2023 vehementur
843 1960 1057 2023 suasit.
1152 1959 1439 2023 Amoldii
1470 1970 1843 2045 conspectus
1869 1970 2019 2023 ante

255 2074 516 2149 Quebec
547 2072 894 2157 oppidanos
913 2072 1099 2137 valde
1129 2073 1555 2136 consternavit
1580 2097 1597 2146 ς
1632 2083 1699 2134 at
1718 2073 2019 2155 quoniam

251 2197 570 2251 tormenta
609 2186 850 2271 majora
881 2206 1068 2269 agere
1097 2183 1447 2269 secumque
1478 2186 1691 2248 afferre
1721 2184 2018 2267 nequive-

251 2311 371 2378 rat,
403 2298 627 2377 aditus‚
655 2298 762 2382 qui
809 2298 894 2363 ad
933 2300 1151 2363 urbem
1199 2298 1543 2375 ducebant,
1573 2295 2019 2361 tantummodo

253 2431 590 2495 occupare,
621 2412 970 2495 copiasque,
999 2431 1154 2493 quas
1176 2412 1359 2473 'fortis
1394 2410 1837 2493 Montgomery
1865 2408 2019 2473 duc-

254 2511 460 2601 tabat,
491 2512 820 2607 expectare
851 2522 1195 2588 constituit.

328 2633 719 2720 ‚Imperatori
761 2632 854 2695 illi
883 2631 1097 2695 multis
1139 2654 1291 2697 cum
1318 2633 1791 2697 difficultatibus
1832 2632 2021 2697 simul

257 2759 397 2813 erat
435 2744 930 2829 confligendum,
959 2766 1228 2828 quarum
1266 2747 1577 2830 praecipua
1604 2756 1741 2809 erat
1784 2746 2021 2810 exercia

259 2867 366 2925 tus
418 2860 698 2938 licentia,
743 2858 852 2943 qui
909 2878 993 2921 ex
1051 2858 1430 2936 hominibus,
1478 2859 1713 2922 nullius
1763 2858 2023 2943 imperio
2062 2858 2073 2871 '

259 2974 688 3063 obtemperare
735 2971 1022 3048 assuetiS,
1052 2981 1116 3033 et
1158 2972 1204 3035 a
1247 2969 1577 3055 disciplina
1617 2971 1870 3034 militari
1912 2972 2053 3041 ab-,

261 3086 703 3175 horrentibus,¹
763 3085 1094 3155 conflatus,
1197 3084 1536 3149 Summam
1590 3081 2017 3164 vigilantiam,

262 3179 653 3276 comitatem,
694 3196 1205 3287 facundiamque,
1235 3194 1467 3259 milites
1502 3215 1802 3272 coercere,
1832 3206 1895 3258 et
1939 3194 2017 3259 ad

253 3314 507 3397 justam
526 3310 918 3395 disciplinam
937 3328 1246 3386 revocare,
1266 3306 1637 3392 postulabat.
1704 3306 2022 3389 Mag-nan·

263 3424 503 3502 imitas,
533 3434 771 3509 tamen,
802 3432 866 3485 et
908 3422 1238 3507 prudentia
1284 3414 1723 3505 Montgomerii
1757 3416 2021 3481 tandem

461 3648 481 3686 ι
510 3640 879 3693 abhorreremus.
941 3642 972 3669 ‘⁸
986 3638 1170 3691 Averse
1185 3638 1309 3692 fiam
1324 3638 1529 3704 military
1540 3632 1827 3701 discipline-'⁹
1910 3638 1915 3646 '

1183 3889 1208 3929 χ
1264 3900 1269 3906 .
