2500 4509
742 411 1243 460 wasnmcromr
1289 413 1466 458 un.
1903 391 1982 456 81

310 561 359 596 ‘⁸
383 553 455 622 Si
498 555 581 620 ad
614 565 823 641 partes
851 557 1336 639 Pennsylvanioe
1369 567 1686 620 extremas
1729 553 1988 619 receda-

210 689 385 748 mus,
400 689 563 732 num
578 668 1055 752 Pennsylvanos
1076 671 1253 734 nobis
1271 669 1682 753 opitulaturos
1701 668 1902 732 credis
1917 666 1986 734 2⁹⁹

212 781 341 845 cni
362 781 636 866 legionis
666 783 953 846 tribunus
983 782 1160 847 Reed
1179 782 1568 867 respondisse
1587 785 1780 846 fertur
1807 803 1824 846 z
1875 781 1984 846 “si

206 895 565 958 comitatus
608 894 953 958 inferiore&
990 896 1237 958 subacti
1269 915 1346 959 ac
1375 895 1572 960 dediti
1600 897 1852 973 fuerint,
1877 917 1982 960 co-

204 1005 487 1070 mitatus
506 1006 611 1069 alii
630 1007 699 1071 in
718 1007 999 1070 hostium
1013 1006 1316 1071 ditionem
1331 1007 1660 1092 pet-venien
1669 1007 1752 1071 t.”
1788 1007 1980 1072 Tunc

204 1117 781 1202 Washingtbnium
800 1119 1033 1184 dixisse
1054 1123 1299 1184 ferunt:
1331 1127 1372 1158 ‘⁶
1396 1119 1504 1184 Ad
1522 1119 1822 1204 Virginioe
1841 1141 1981 1205 par·

204 1239 301 1293 tes
326 1243 657 1295 extremas
680 1233 855 1296 nobis
874 1232 1300 1298 recedendum
1325 1243 1422 1296 est
1447 1256 1476 1312 ;.
1500 1233 1714 1312 multi,
1739 1233 1822 1298 ad
1845 1253 1980 1312 nos,

202 1341 443 1407 salutis
494 1347 713 1423 causst,
758 1347 1095 1429 confugere
1142 1358 1470 1430 cogentur,
1501 1357 1586 1425 et,
1617 1346 1770 1432 quid
1817 1345 1984 1414 bello

202 1455 581 1538 praedatorio
615 1458 745 1521 fieri
774 1459 983 1542 possit,
1014 1458 1536 1543 periclitandum3
1585 1462 1678 1522 ιιι*
1707 1459 1762 1523 si
1801 1457 1986 1524 nobis

198 1567 471 1632 fortuna
499 1568 811 1647 inviderit,
835 1581 1085 1634 montes
1108 1571 1642 1654 Alleghanicnses
1669 1583 1986 1656 postremo

198 1679 621 1764 superandi?

298 1791 455 1855 Hoc
494 1791 562 1854 in
604 1802 881 1876 receptu,
915 1791 1237 1874 equitatus
1275 1803 1342 1856 et
1383 1803 1697 1857 tormenta
1741 1794 1989 1878 majora

198 1903 713 1987 uniuscujusque
734 1906 865 1968 fere
884 1905 1163 1987 generis,
1186 1904 1684 1988 Washingtonio
1703 1906 1982 1974 defuere.

202 2015 467 2079 Paucos
510 2016 681 2080 intra
708 2015 862 2094 dies,
893 2027 1034 2102 post
1060 2017 1607 2102 propugnaculum
1637 2019 1988 2106 Washing..

203 2128 343 2191 toni
350 2147 461 2192 um
482 2140 943 2214 expugnatum,
959 2129 1183 2215 pedem
1191 2132 1404 2194 referre
1417 2143 1740 2216 coeperunt
1758 2133 1984 2198 Amer-

204 2239 404 2304 icani.
480 2241 837 2326 Copiarum
858 2217 1288 2306 recedentium
1313 2263 1462 2328 pars
1483 2263 1744 2329 magna,
1770 2245 1849 2310 de
1869 2245 1980 2328 eis,

204 2353 320 2434 qui
367 2346 915 2436 propugnaculum
958 2354 1079 2419 hoc
1110 2357 1468 2435 tuebantur,
1503 2359 1795 2424 conflata.
1890 2359 1982 2426 Hi

204 2485 296 2526 ex
328 2483 565 2546 aggere
594 2463 713 2528 isto
740 2476 877 2528 tam
906 2467 1117 2530 subito
1144 2467 1372 2552 pedem
1401 2471 1627 2532 referre
1667 2471 1984 2554 cogeban-

208 2585 342 2654 tur,
376 2587 451 2638 ut
478 2575 769 2653 tentoria,
792 2575 1048 2655 lodices,
1072 2589 1139 2640 et
1164 2580 1526 2662 coquinaria
1552 2601 1730 2659 vasa,
1759 2602 1982 2648 neces·

208 2690 383 2754 sario
413 2688 793 2772 reliquerint.

304 2802 406 2866 lta
436 2801 681 2879 armati,
705 2811 771 2866 et
796 2801 1025 2880 vestiti,
1048 2812 1480 2886 saepenumero
1505 2805 1701 2873 etiam
1721 2806 2008 2900 pedibus

211 2913 407 2977 nudis
462 2912 847 2992 incedentes,
900 2915 1161 2978 ineunte
1214 2914 1447 2995 hieme,
1495 2939 1612 3003 -per
1667 2921 1980 3004 regiones,

214 3025 552 3092 deditionis
608 3047 801 3111 quam
858 3028 1121 3092 renixsss
1174 3030 1350 3092 fortis
1407 3031 1805 3111 amantiores,
1859 3034 1980 3100 iter

214 3142 442 3205 fecere.
524 3137 659 3204 'His
708 3139 1129 3205 incommodis
1188 3141 1584 3221 circumdati,
1629 3146 1981 3230 nonaginta

216 3254 588 3318 milliarium
606 3254 721 3316 iter
734 3257 1037 3333 fecerunt,
1054 3275 1251 3338 eoque
1269 3255 1333 3318 in
1350 3254 1554 3340 spatio
1569 3258 1978 3339 conficiendo,

216 3366 359 3432 dies
398 3365 797 3450 undeviginti
842 3367 1331 3452 insumpserunt,
1361 3379 1436 3432 ut
1463 3369 1718 3434 auxiliis
1753 3391 1980 3456 expec-

219 3480 376 3544 tatis
441 3480 735 3564 temporis
790 3479 941 3543 satis
999 3479 1081 3544 ad
1137 3481 1640 3548 conveniendum
1700 3482 1975 3548 daretur.

482 3627 489 3633 ¹
522 3656 543 3692 ¹
580 3650 827 3700 Comitatus
843 3649 1093 3714 Meu-iores,
1114 3651 1237 3700 “the
1253 3651 1403 3702 lower
1423 3651 1684 3702 enunties-’⁸

524 3733 553 3774 n
576 3725 1607 3792 &ti-e„“butiffort1mcshnllenvyua”
