2500 4509
500 342 630 408 214
1012 357 1514 408 wamma-rona
1559 355 1737 404 nnc.

1070 798 1694 868 PERORATIO.

856 1053 1302 1119 LECTORI
1367 1049 1914 1115 BENEVOLO

1146 1214 1620 1274 SALUTEM.

595 1455 1093 1522 Ctnnnnnnmss
1140 1455 1519 1520 GEORGII
1565 1449 2278 1530 WASHINGTONII,

508 1567 836 1633 clvitatum
894 1567 1343 1632 foederatarum
1396 1568 1934 1632 Americanarum
1994 1563 2282 1650 praesidis

506 1683 709 1768 primi,
741 1681 964 1760 vitam,
994 1681 1177 1747 Latio
1222 1678 1542 1758 donatam,
1573 1677 1935 1742 mortalium
1981 1676 2278 1739 omnium

504 1795 767 1880 primus,
816 1795 885 1858 in
930 1815 1084 1856 usus
1129 1792 1545 1870 academicOS,
1592 1790 1984 1855 scribendam
2029 1785 2272 1852 curavi.

506 1905 669 1971 Duae
700 1929 805 1970 me
834 1927 1044 1970 causae
1081 1905 1163 1968 ad
1196 1906 1318 1968 hoc
1353 1926 1508 1989 opus
1541 1903 1828 1966 maxime
1859 1901 2276 1986 impulerunt,

504 2030 600 2096 ut,
620 2021 872 2103 nempe,
904 2017 1227 2082 clarissimi
1257 2018 1375 2079 viri
1404 2017 1539 2080 vita
1567 2013 1882 2078 latinitate
1915 2013 2272 2091 donaretur,

506 2142 706 2213 utque
752 2129 831 2193 de
859 2130 1095 2211 lingua
1136 2129 1390 2206 Latina,
1423 2150 1529 2191 me
1572 2129 1782 2212 ipsum
1825 2127 1910 2190 ad
1952 2149 2112 2211 opus
2149 2125 2286 2217 tale¹

506 2241 915 2322 accingendo,
947 2243 1111 2304 bene
1140 2261 1464 2304 meterem.

597 2353 834 2429 Quam,
866 2373 1031 2430 vero,
1055 2354 1240 2428 bene,
1265 2364 1330 2416 et
1357 2353 1618 2416 feliciter
1671 2352 2047 2437 opusculum
2077 2353 2276 2416 hocce

506 2467 855 2551 perfectum
882 2466 983 2543 sit,
1011 2465 1116 2527 alii
1140 2465 1470 2550 judicent:
1518 2467 1639 2528 hoc
1671 2469 1926 2529 tantuin
1949 2467 2277 2530 veri-nime

508 2577 713 2642 dicere
751 2599 1031 2662 possum,
1061 2597 1165 2640 me
1196 2578 1558 2662 scriptorem
1592 2589 1707 2640 aut
1734 2578 1966 2642 librum
2001 2579 2274 2656 nullum,

510 2691 671 2755 inter
726 2689 1146 2768 scribendum,
1190 2690 1618 2754 consuluisse:
1683 2689 2011 2772 quidquid,
2065 2691 2273 2772 igitur,

511 2804 743 2888 scripsi,
776 2805 1139 2867 memoriter
1168 2805 1422 2866 tantum
1453 2801 1776 2886 protulisse
1807 2803 1925 2864 aio·

601 2917 951 2980 Doctorum
1009 2915 1268 2980 laudem
1329 2927 1576 2999 exopto,
1631 2915 2053 2992 indoctorum,
2109 2923 2274 2992 vero,

510 3026 770 3091 laudem
800 3039 864 3090 et
894 3028 1420 3112 vituperationem
1443 3028 1636 3110 juxta
1666 3027 1929 3090 testimo,
2009 3027 2157 3090 Hoc
2188 3049 2276 3091 so-

509 3137 651 3205 lum
700 3141 933 3220 dicam,
977 3162 1100 3218 me,
1157 3139 1235 3204 de
1285 3140 1617 3204 literatura
1670 3139 2067 3203 American&
2115 3141 2278 3204 bene

514 3252 739 3312 mereri
767 3252 1037 3314 voluisse
1064 3275 1080 3330 ;
1129 3253 1378 3329 tironeS,
1405 3257 1602 3336 porro,
1623 3261 1687 3314 et
1711 3248 2014 3328 indoctos,
2039 3251 2278 3314 labores

578 3455 599 3491 2
634 3448 934 3509 Calaber-mni,
957 3452 1092 3510 &ast
1094 3449 1158 3509 ’,Ι
1179 3449 1282 3498 first
1299 3449 1357 3498 of
1377 3449 1438 3498 all
1459 3466 1586 3512 men,
1605 3449 1728 3499 have
1760 3449 1908 3500 taken
1926 3465 2036 3498 care
2069 3450 2175 3499 that
2203 3447 2276 3497 the

514 3526 596 3578 life
614 3523 670 3575 of
691 3524 770 3574 tho
799 3530 927 3572 most
956 3512 1221 3573 celebrated
1240 3525 1432 3590 Geor-ge
1449 3526 1794 3592 Washington,
1817 3525 1923 3574 first
1953 3525 2196 3590 president
2223 3523 2274 3573 of

517 3605 595 3653 the
614 3599 793 3652 United
814 3579 981 3650 States
987 3599 1043 3650 of
1053 3599 1292 3663 America,
1315 3602 1563 3667 presented
1583 3603 1700 3653 with
1717 3602 1914 3652 Latium
1938 3602 2146 3692 (clothed
2164 3599 2274 3652 with

517 3679 753 3746 Latinity)
776 3677 845 3730 for
862 3679 943 3730 the
961 3694 1051 3729 use
1068 3677 1127 3729 of
1144 3677 1454 3743 universitiefl,
1476 3679 1648 3731 should
1666 3683 1728 3730 be
1747 3679 1978 3732 written?
