2500 4509
538 393 660 456 188
1050 407 1554 458 ruentum-orm
1599 407 1778 456 vrrs.

534 555 877 618 conabatur
904 577 923 633 3
970 554 1051 619 de
1081 556 1510 620 controversiis
1539 555 1820 622 Galliam
1849 553 2011 617 inter
2038 563 2108 617 et
2149 551 2312 618 civi-

535 677 699 730 tates
726 667 1067 732 foederatas
1096 670 1186 732 sic
1214 669 1470 733 locutus
1497 687 1634 732 esse
1663 671 1898 731 fertur:

624 785 665 816 “
686 780 1005 844 Tametsi¹
1034 781 1211 844 mala
1238 781 1445 846 multa
1473 792 1537 844 et
1563 782 1802 864 gravia,
1829 799 1968 864 quae
1991 801 2116 844 nos
2143 780 2311 844 inter

534 901 599 954 et
643 892 929 956 nationes
972 905 1221 958 exteras
1261 895 1624 971 extiterunt,
1649 893 1790 978 jam
1817 893 2082 956 omnino
2125 913 2311 976 supe-

532 1015 674 1068 rata
716 1016 781 1068 et
824 1007 1133 1090 praeterita
1172 1005 1320 1083 sint,
1353 1011 1627 1082 summo,
1675 1006 1912 1082 tamen,
1943 1001 2164 1067 dolore
2207 1023 2310 1066 me

536 1117 746 1194 afficit,
774 1139 885 1180 vos
916 1118 1205 1181 certiores
1232 1115 1506 1180 faciendi
1535 1116 2066 1180 necessitudinem
2095 1116 2310 1198 ingra-

535 1239 673 1292 tam
716 1231 873 1293 mihi
916 1229 1275 1313 impositam
1313 1247 1470 1306 esse,
1505 1228 1958 1312 rempublicam
1983 1227 2310 1292 Gallicam

533 1361 735 1406 naves
778 1352 1042 1418 nostras,
1072 1341 1142 1404 in
1174 1341 1360 1405 India
1389 1339 1788 1417 occidentali,
1819 1339 2085 1422 aliisque
2117 1339 2312 1424 pluri·

534 1453 659 1516 mis
702 1454 771 1517 in
797 1453 971 1531 locis,
1000 1473 1247 1537 capere,
1277 1463 1342 1516 et
1372 1451 1812 1529 condemnare,
1844 1471 1974 1514 non
2001 1454 2194 1516 secus
2237 1471 2312 1514 ac

534 1563 591 1628 si
632 1565 873 1628 bellum
900 1565 1067 1628 duas
1110 1565 1272 1628 inter
1313 1575 1537 1647 gentes
1583 1576 1877 1646 geratur;
1925 1583 2163 1646 meque
2197 1583 2313 1632 ,ve-

536 1675 867 1740 hementer
910 1678 1103 1762 piget,
1138 1677 1316 1740 vobis
1356 1676 1583 1754 dicere,
1616 1677 1910 1759 legatum
1957 1675 2312 1753 Gallicum,

538 1791 646 1874 qui
676 1811 853 1854 nunc
885 1789 1055 1875 apud
1082 1811 1197 1853 nos
1226 1800 1528 1868 moratur,
1551 1811 1686 1866 nos,
1719 1789 1897 1852 haud
1923 1788 2016 1851 ita
2045 1788 2313 1872 pridem,

536 1904 827 1968 certiores
870 1903 1111 1980 fecisse,
1142 1903 1320 1966 mala
1363 1903 1505 1979 ista,
1537 1901 1617 1964 de
1661 1901 1890 1984 quibus
1932 1921 2114 1964 nunc
2161 1921 2316 1984 que-

536 2016 757 2093 rimur,
779 2017 847 2078 in
876 2016 1247 2099 posterum,²
1271 2035 1402 2077 non
1431 2013 1747 2090 imminui,
1775 2011 1904 2090 sed,
1933 2023 2176 2090 contra,
2205 2033 2314 2075 au-

467 2105 475 2114 ·
538 2128 691 2209 geri.
783 2129 1021 2191 Pacem
1046 2125 1566 2209 concordiamque
1594 2145 1712 2188 nos
1739 2126 1904 2188 inter
1927 2135 1994 2186 et
2021 2125 2317 2209 rempub-

538 2239 734 2304 licam
756 2239 1079 2302 Gallicam
1098 2259 1257 2316 esse,
1279 2241 1324 2302 ὲ
1343 2258 1446 2300 me
1468 2258 1717 2322 semper·
1731 2237 1856 2300 fuit
1879 2237 2315 2300 elaboratum:

538 2371 769 2438 pacem
784 2403 792 2408 .
809 2350 1103 2413 servandi
1146 2349 1444 2414 voluntas
1487 2350 1828 2412 imminuta
1873 2360 2120 2427 manet,
2152 2358 2320 2412 atta·-

538 2485 712 2542 men,
744 2467 939 2540 eam,⁸
967 2463 1088 2526 nisi
1131 2461 1434 2526 dedecore
1475 2481 1749 2538 summo,
1785 2481 2159 2524 conservare
2205 2481 2319 2524 ne-

540 2578 835 2662 quimus:
868 2597 1095 2659 neque,
1122 2586 1362 2652 tamen,
1391 2575 1630 2638 bellum
1653 2575 1831 2637 nobis
1863 2575 2085 2638 Gallos
2117 2574 2318 2638 indic·

540 2703 737 2769 turos,
769 2711 999 2754 vereor.
1092 2684 1398 2766 Damna,⁴
1431 2700 1496 2750 et
1525 2682 2016 2766 dedecorasnon
2043 2687 2316 2764 bellum,

540 2806 721 2870 nobis
751 2805 998 2880 inferre,
1030 2803 1400 2886 exoptant.”

604 3019 623 3054 ¹
662 3013 876 3072 Tmnetsi,
913 3015 1012 3072 ᾠὰ,
1040 3009 1314 3076 “although
1345 3009 1439 3059 the·
1457 3025 1606 3076 many
1625 3009 1720 3058 and
1753 3007 1971 3074 grievous
2005 3007 2141 3070 evils,
2162 3007 2323 3060 which

542 3086 667 3137 have
696 3087 895 3136 existed·
910 3089 1127 3136 between
1148 3101 1209 3136 us
1228 3087 1327 3136 and
1345 3087 1526 3151 foreign
1547 3085 1752 3147 natione,
1773 3101 1856 3134 are
1885 3101 1998 3134 now
2019 3085 2197 3149 wholly
2217 3103 2322 3135 sur·

543 3161 788 3226 mounted‚
810 3164 907 3213 and
928 3164 1104 3228 passed
1124 3167 1203 3228 by,
1224 3166 1264 3214 it
1281 3165 1600 3216 nevertheless
1621 3163 1786 3212 affecte
1803 3178 1882 3211 me
1901 3162 2020 3210 with
2039 3163 2122 3211 the
2140 3169 2323 3212 utmost

542 3239 674 3306 pain,
694 3241 799 3289 ssiat
828 3241 909 3289 the
928 3241 1215 3304 unpleasant
1230 3241 1473 3306 necessity
1491 3240 1547 3290 of
1568 3239 1879 3306 acquainting
1895 3255 2007 3304 you,
2027 3239 2071 3288 is
2101 3238 2323 3305 imposed

544 3333 610 3366 on
640 3333 732 3377 me,
755 3319 859 3366 that
887 3317 967 3366 the
986 3317 1174 3366 Frenoh
1204 3318 1416 3383 republic
1439 3333 1522 3368 are
1551 3318 1721 3384 taking
1751 3316 1847 3366 and
1877 3316 2204 3382 condemning
2233 3327 2324 3368 our

544 3394 726 3458 ὤρεξ’
746 3395 834 3442 &c-

604 3479 631 3516 2
660 3473 915 3530 Poetarum,
940 3469 1155 3532 (seilicet,
1176 3473 1392 3535 temptam
1415 3471 1486 3521 sor
1501 3472 1584 3522 the
1601 3473 1772 3522 future.

607 3558 630 3594 ι
659 3550 794 3609 Eam,
819 3546 1033 3608 (scilicet,
1048 3551 1243 3610 pacm)
1269 3551 1300 3576 ‘⁴
1312 3548 1394 3610 it,”
1415 3549 1516 3598 that
1533 3549 1590 3612 is,
1605 3565 1756 3614 peace.

604 3639 629 3672 4
664 3629 861 3686 Danaa,
886 3628 985 3686 ᾠὰ,
1006 3624 1161 3689 “they
1182 3625 1289 3685 (the
1317 3625 1526 3689 Frsneh)
1553 3627 1737 3693 greatly
1755 3624 1904 3676 desire
1933 3631 1986 3674 to
2015 3623 2158 3691 bring
2183 3637 2324 3690 upon

546 3721 607 3757 us
625 3705 778 3756 loeses
796 3702 893 3754 and
913 3701 1145 3768 diagrace,
1165 3703 1253 3752 but
1270 3709 1358 3754 not
1373 3709 1423 3754 to
1441 3702 1628 3754 declaro
1651 3705 1808 3769 (open)
1831 3719 1933 3754 was
1951 3717 2016 3753 on
2033 3705 2140 3752 us.”
