2500 4509
495 336 581 401 62·
1005 349 1506 399 wasnmoronn
1552 346 1725 393 vrrs.

494 497 878 575 obsidebant,
899 496 1086 580 quod,
1107 507 1348 573 tamen,
1368 493 1749 568 Prestoniuffi
1768 488 2093 574 praefectus
2112 484 2269 551 An-

498 612 724 695 glinne,
755 610 1086 675 fortissime
1115 608 1409 673 defendit.
1498 606 1717 671 Morbo
1744 601 1973 667 ducem
2002 599 2275 681 Schny-

497 724 588 788 ler
617 725 698 787 ab
723 722 1002 787 exercitu
1029 722 1326 786 decedere
1356 730 1643 803 cogente,
1662 715 1995 800 imperium
2024 710 2111 775 ad
2138 709 2273 775 du-

498 858 640 913 cem
669 838 1110 919 Montgomery
1129 832 1404 911 devenit,
1424 832 1531 915 qui
1552 843 1687 895 tam
1704 828 1931 893 acriter
1950 844 2273 907 aggerem

495 947 755 1027 obsedit,
787 958 878 1026 ut,
905 968 1144 1033 ‚paucos
1173 948 1339 1009 intra
1366 945 1521 1022 dies,
1542 940 1997 1028 propugnaculi
2022 937 2273 1022 potitus

497 1060 594 1125 sit.
691 1061 896 1145 Capto
933 1060 1070 1124 loco
1113 1059 1252 1136 isto,
1298 1056 1381 1121 ad
1424 1058 1709 1121 Montem
1751 1052 2060 1135 Regium¹
2106 1068 2272 1112 cum

498 1174 780 1237 exercitu
809 1172 1040 1235 victore
1083 1171 1528 1251 Montgomery
1558 1167 1847 1252 perrexit.
1940 1164 2109 1227 Cum
2148 1183 2269 1246 op-

497 1284 646 1369 pido
671 1283 1210 1368 appropinquaret,
1238 1300 1453 1363 pauca
1480 1280 1859 1343 Britannicae
1887 1276 2099 1361 copiae,
2120 1295 2269 1357 quae

497 1394 780 1480 praesidio
809 1397 1079 1470 fuerant,
1106 1395 1172 1455 in
1195 1391 1419 1455 salutis
1442 1410 1617 1473 spem
1647 1410 1843 1459 naves
1867 1389 2144 1473 petiere3
2190 1397 2268 1451 at

500 1508 546 1573 a
573 1507 818 1570 tribuno
846 1506 1108 1581 Baeton,
1139 1504 1247 1585 qui
1274 1500 1633 1586 manipulos
1660 1500 2001 1565 nonnullos
2037 1500 2267 1565 ducta-

498 1591 629 1697 bat,
659 1640 784 1702 quo
807 1618 1018 1681 minus
1051 1616 1317 1679 fluvium
1344 1615 1613 1680 navibus
1642 1612 2113 1690 descenderent,
2142 1613 2265 1675 im-

499 1733 934 1818 pediebantur„
1017 1729 1170 1793 Dux
1213 1728 1563 1793 Prescotius
1604 1747 1757 1790 curn
1786 1726 2067 1811 pluribus
2108 1746 2266 1810 pree·

499 1845 700 1921 fectis,
732 1854 1111 1924 centumque
1157 1840 1386 1922 viginti
1430 1840 1733 1905 militibus
1778 1838 2079 1922 gregariis
2122 1860 2265 1903 nese

499 1954 868 2019 dediderunt
883 1976 902 2031 3
931 1954 1204 2034 Duxque
1227 1952 1663 2029 Americanus,
1678 1952 1955 2036 proesidio
1974 1951 2061 2015 ad
2079 1953 2263 2017 Mon-

502 2078 634 2129 tem
663 2064 944 2147 Regium
971 2063 1206 2141 relicto,
1229 2063 1317 2127 ad
1337 2065 1555 2128 urbem
1578 2064 1863 2129 Canadae
1884 2064 2260 2150 proecipuam

501 2198 696 2261 quam
725 2176 1020 2239 maximis
1049 2176 1374 2245 itineribus
1404 2176 1743 2242 contendit.
1878 2210 1883 2223 ·

592 2290 900 2373 Tempore
923 2310 1046 2372 quo
1065 2288 1393 2353 victoriam
1415 2291 1857 2375 Montgomery
1879 2300 2011 2359 tam
2034 2291 2263 2359 acriter

501 2413 860 2479 sectaretur,
891 2402 1214 2486 provincia
1240 2402 1633 2470 Canadensis
1661 2405 1743 2467 ab
1771 2403 1951 2469 hoste
1978 2425 2107 2469 non
2142 2405 2262 2479 mi?

502 2519 626 2581 nus
675 2534 753 2579 ac
793 2514 1236 2601 Montgomery
1278 2515 1419 2579 forti
1464 2516 1861 2600 interritoque
1910 2518 2255 2601 petebatur.

501 2630 684 2696 Mille
727 2629 1066 2699 hominum,
1101 2627 1180 2693 de
1209 2629 1487 2695 exercitu
1515 2629 1896 2695 Americano
1928 2630 2263 2695 Cantabri-

503 2745 628 2827 giae
679 2754 836 2807 tunc
883 2741 1180 2826 temporis
1225 2741 1397 2827 apud
1454 2741 1819 2827 Novanglos
1869 2742 2258 2821 considente,

505 2858 551 2920 a
593 2854 1083 2936 Washingtonio
1133 2854 1216 2918 ad
1268 2854 1599 2929 canadam
1649 2854 2012 2940 pacandam
2062 2856 2257 2921 missi.

505 2966 714 3031 Hicce
756 2966 1122 3050 manipulus
1155 2968 1402 3037 tribuno
1428 2966 1693 3051 legionis
1720 2966 2023 3034 Amoldio
2052 2966 2256 3045 datus,

506 3078 613 3161 qui
633 3077 840 3163 copias
859 3079 1080 3143 itinere
1100 3079 1382 3143 nondum
1402 3091 1641 3143 tentato
1660 3100 1767 3167 per
1785 3080 2030 3144 deserta
2042 3080 2252 3144 duxit:

507 3190 906 3257 difficultates
947 3212 1203 3276 magnae
1250 3212 1407 3276 quas
1456 3191 1560 3256 hic
1603 3194 1964 3278 manipulus
2003 3214 2111 3278 per
2155 3192 2231 3257 tri

507 3303 690 3387 ginta
717 3301 850 3367 dies
879 3305 1084 3381 subiit,
1114 3307 1242 3369 fere
1274 3304 1803 3388 inexsuperabiles
1833 3306 2033 3369 fuere.

517 3398 524 3405 ’
597 3414 868 3479 Flumen
897 3415 1418 3479 Kennebeckium
1442 3416 1724 3481 lintribus
1748 3418 1927 3480 factis
1960 3418 2228 3481 ascende

509 3539 678 3606 runt,
709 3538 774 3590 et
819 3526 1113 3591 adversus
1159 3527 1394 3590 flumen
1423 3530 1727 3611 navigare
1772 3515 2015 3592 coactis
2080 3528 2253 3593 Mala

801 3674 821 3713 ι
850 3668 1057 3717 Momm
1073 3667 1291 3733 Reganus,
1311 3670 1343 3696 ⁶⁴
1354 3666 1643 3731 Meum„
1662 3665 1714 3717 in
1731 3666 1947 3719 eman.
